@book{cormen2001introduction,
  title={Introduction To Algorithms},
  author={Cormen, T.H. and Leiserson, C.E. and Rivest, R.L. and Stein, C.},
%   isbn={9780262032933},
%   lccn={00103127},
%   series={Introduction to Algorithms},
  url={https://books.google.es/books?id=NLngYyWFl\_YC},
  year={2001},
  publisher={MIT Press},
  pages={1014--1047}
}
@book{shamos1978computational,
  title={Computational Geometry},
  author={Shamos, Michael Ian},
  publisher={Ph. D. Thesis, Yale University},
  year={1978},
  url={http://euro.ecom.cmu.edu/people/faculty/mshamos/1978ShamosThesis.pdf}
}
@book{graham1972efficient,
  title={An efficient algorithm for determining the convex hull of a finite planar set},
  author={Graham, Ronald L.},
  publisher={Information Processing Letters},
%   volume={1},
  pages={132--133},
  year={1972}
}
